<?xml version="1.0" encoding="utf-8" standalone="no"?>
<!DOCTYPE Archive SYSTEM "http://greenstone.org/dtd/Archive/1.0/Archive.dtd">
<Archive>
<Section>
  <Description>
    <Metadata name="gsdlsourcefilename">import\advbeat_small\marc\locbeatles50.marc</Metadata>
    <Metadata name="gsdldoctype">indexed_doc</Metadata>
    <Metadata name="Language">en</Metadata>
    <Metadata name="Encoding">iso_8859_1</Metadata>
    <Metadata name="Source">locbeatles50.marc</Metadata>
    <Metadata name="SourceFile">locbeatles50.marc</Metadata>
    <Metadata name="SourceSegment">21</Metadata>
    <Metadata name="Plugin">MARCPlugin</Metadata>
    <Metadata name="dc.Format">MARC</Metadata>
    <Metadata name="FileFormat">MARC</Metadata>
    <Metadata name="dc.Title">Beatles special &amp;#091;sound recording&amp;#093;.</Metadata>
    <Metadata name="dc.Publisher">&amp;#091;Los Angeles&amp;#093; :</Metadata>
    <Metadata name="dc.Publisher">American Forces Radio and Television Service,</Metadata>
    <Metadata name="dc.Date">&amp;#091;1980&amp;#093;</Metadata>
    <Metadata name="dc.Description">Music of the Beatles; includes interviews and biographical information.</Metadata>
    <Metadata name="dc.Description">AFRTS edition of a commercial radio program; contains information spot announcements.</Metadata>
    <Metadata name="dc.Description">Duration: 55:00 per disc.</Metadata>
    <Metadata name="dc.Description">Bob Eubanks, host; Beatles, performers.</Metadata>
    <Metadata name="dc.Subject">Beatles.</Metadata>
    <Metadata name="dc.Subject">Rock music.</Metadata>
    <Metadata name="dc.Creator">Eubanks, Bob. hst</Metadata>
    <Metadata name="dc.Creator">Beatles. prf</Metadata>
    <Metadata name="dc.Creator">United States. American Forces Radio and Television Service.</Metadata>
    <Metadata name="dc.Creator">AFRTS Collection (Library of Congress) DLC</Metadata>
    <Metadata name="Identifier">HASH7c575f57a57cfb45ab0033s21</Metadata>
    <Metadata name="lastmodified">1652351099</Metadata>
    <Metadata name="lastmodifieddate">20220512</Metadata>
    <Metadata name="oailastmodified">1652361747</Metadata>
    <Metadata name="oailastmodifieddate">20220512</Metadata>
    <Metadata name="assocfilepath">HASH7c57/5f57a57c/fb45ab00/33s21.dir</Metadata>
  </Description>
  <Content>&lt;pre&gt;
 LDR 01193cjm  22003134a 4500
001     12955415
005     20030502071303.0
007     sd bumennmplue
008     021002s1980    caurcn              eng  
906    _a 7
       _b cbc
       _c origcop
       _d 4
       _e ncip
       _f 20
       _g y-soundrec
925 0  _a acquire
       _b 1 shelf copy
       _x policy default
955    _a vz03 2002-10-02
       _i vz03 2002-10-02
       _e vz03 2002-10-02
010    _a   2002600493
040    _a DLC
       _c DLC
       _d DLC
042    _a pcc
050 00 _a LPA 98955-LPA 98958
245 00 _a Beatles special
       _h [sound recording].
260    _a [Los Angeles] :
       _b American Forces Radio and Television Service,
       _c [1980]
300    _a 4 sound discs :
       _b analog, 33 1/3 rpm ;
       _c 12 in.
500    _a Music of the Beatles; includes interviews and
 biographical information.
511 0  _a Bob Eubanks, host; Beatles, performers.
500    _a AFRTS edition of a commercial radio program; contains
 information spot announcements.
500    _a Duration: 55:00 per disc.
650  0 _a Rock music.
610 20 _a Beatles.
700 1  _a Eubanks, Bob.
       _4 hst
710 2  _a Beatles.
       _4 prf
710 1  _a United States.
       _b American Forces Radio and Television Service.
710 2  _a AFRTS Collection (Library of Congress)
       _5 DLC
&lt;/pre&gt;
</Content>
</Section>
</Archive>
